%%
% 参考文献
% 参考文献是毕业设计(论文)不可缺少的组成部分,它反映毕业设计(论文)的取材来源、材料的广博程度和材料的可靠程度,也是作者对他人知识成果的承认和尊重。一份完整的参考文献可向读者提供一份有价值的信息资料,列入的文献应在 10 篇以上,其中外文文献在 2 篇以上。
%%


@article{choufusion,
  title={{Fusion Energy}},
  author={Chou, Cleo B and Jhaveri, Janam and Baldwin, Jane W and Hannam, Phillip M and Keller, Kyle and Peng, Wei and Rabin, Sam and Ravikumar, Arvind P and Trierweiler, Annette M and Wang, Xingchen T and others}
}

@book{RN3,
	author = {王龙},
	title = {磁约束等离子体实验物理},
	publisher = {科学出版社},
	address = {北京},
	year = {2018},
	type = {Book}
}

@article{xu2016general,
  title={{A general comparison between tokamak and stellarator plasmas}},
  author={Xu, Yuhong},
  journal={Matter and Radiation at Extremes},
  volume={1},
  number={4},
  pages={192--200},
  year={2016},
  publisher={China Academy of Engineering Physics}
}

@techreport{katakura2016jendl,
  title={{JENDL decay data file 2015}},
  author={Katakura, Jun-ichi and Minato, Futoshi},
  year={2016},
  institution={Japan Atomic Energy Agency}
}

@book{RN4,
	author = {Chen, F F},
	title = {等离子体物理学导论},
	publisher = {科学出版社},
	address = {北京},
	year = {2016},
	type = {Book}
}

@article{xu2008boundary,
  title={{Boundary plasma turbulence simulations for tokamaks}},
  author={Xu, X and Umansky, M and Dudson, B and Snyder, P},
  journal={Communications in Computational Physics, vol. 4, no. 5, July 1, 2008, pp. 949-979},
  volume={4},
  number={LLNL-JRNL-404082},
  year={2008},
  publisher={Lawrence Livermore National Lab.(LLNL), Livermore, CA (United States)}
}

@phdthesis{1019049630.nh,
 author = {耿康宁},
 title = {EAST边界台基湍流的实验研究},
 school = {中国科学技术大学},
 year = {2019}
 }

@article{weiland2018rabbit,
  title={{RABBIT: Real-time simulation of the NBI fast-ion distribution}},
  author={Weiland, M and Bilato, R and Dux, R and Geiger, B and Lebschy, A and Felici, F and Fischer, R and Rittich, D and Van Zeeland, M and Eurofusion MST1 Team and others},
  journal={Nuclear Fusion},
  volume={58},
  number={8},
  pages={082032},
  year={2018},
  publisher={IOP Publishing}
}

@article{takizuka1977binary,
	title={{A binary collision model for plasma simulation with a particle code}},
	author={Takizuka, Tomonor and Abe, Hirotada},
	journal={Journal of computational physics},
	volume={25},
	number={3},
	pages={205--219},
	year={1977},
	publisher={Elsevier}
}

@article{brysk1973fusion,
	title={{Fusion neutron energies and spectra}},
	author={Brysk, H},
	journal={Plasma Physics},
	volume={15},
	number={7},
	pages={611},
	year={1973},
	publisher={IOP Publishing}
}

@article{batistoni1989triton,
	title={{Triton confinement as inferred from fusion produced neutron measurements in the FT tokamak}},
	author={Batistoni, P and Bittoni, E and Haegi, M},
	journal={Nuclear fusion},
	volume={29},
	number={4},
	pages={673},
	year={1989},
	publisher={IOP Publishing}
}

@article{batistoni1987measurements,
	title={{Measurements of triton burnup in low q discharges in the FT tokamak}},
	author={Batistoni, P and Martone, M and Pillon, M and Podda, S and Rapisarda, M},
	journal={Nuclear fusion},
	volume={27},
	number={6},
	pages={1040},
	year={1987},
	publisher={IOP Publishing}
}

@article{heidbrink1983burn,
	title={{Burn-up of fusion-produced tritons and $ ^{3} $He ions in PLT and PDX}},
	author={Heidbrink, William Walter and Chrien, Robert E and Strachan, JD},
	journal={Nuclear Fusion},
	volume={23},
	number={7},
	pages={917},
	year={1983},
	publisher={IOP Publishing}
}

@article{colestock1979confinement,
	title={{Confinement of fusion-produced tritium in the Princeton Large Torus}},
	author={Colestock, P and Strachan, JD and Ulrickson, M and Chrien, R},
	journal={Physical Review Letters},
	volume={43},
	number={11},
	pages={768},
	year={1979},
	publisher={APS}
}

@article{Zweben_1995,
	year = 1995,
	month = {aug},
	publisher = {IOP Publishing},
	volume = {35},
	number = {8},
	pages = {893--917},
	author = {S.J Zweben and D.S Darrow and H.W Herrmann and S.H Batha and R.V Budny and C.-S Chang and Z Chang and E.D Fredrickson and D.L Jassby and L.C Johnson and F.M Levinton and H.E Mynick and D.K Owens and J.F Schivell and S.D Scott and M.H Redi and J.D Strachan and K Tobita and K.M Young},
	title = {{Alpha particle loss in the TFTR DT experiments}},
	journal = {Nuclear Fusion},
}

@article{strachan1993neutron,
	title={{Neutron emission from TFTR supershots}},
	author={Strachan, JD and Bell, MG and Bitter, M and Budny, RV and Hawryluk, RJ and Hill, KW and Hsuan, H and Jassby, DL and Johnson, LC and LeBlanc, B and others},
	journal={Nuclear fusion},
	volume={33},
	number={7},
	pages={991},
	year={1993},
	publisher={IOP Publishing}
}

@article{hendel1990situ,
	title={{In situ calibration of TFTR neutron detectors}},
	author={Hendel, HW and Palladino, RW and Barnes, Cris W and Diesso, M and Felt, JS and Jassby, DL and Johnson, LC and Ku, L-P and Liu, QP and Motley, RW and others},
	journal={Review of scientific instruments},
	volume={61},
	number={7},
	pages={1900--1914},
	year={1990},
	publisher={American Institute of Physics}
}

@article{barnes19901987,
	title={{1987 calibration of the TFTR neutron spectrometers}},
	author={Barnes, Cris W and Strachan, JD},
	journal={Review of scientific instruments},
	volume={61},
	number={9},
	pages={2383--2395},
	year={1990},
	publisher={American Institute of Physics}
}

@article{von1996fast,
	title={{Fast detection of 14 MeV neutrons on the TFTR neutron collimator}},
	author={Von Goeler, S and Roquemore, AL and Johnson, LC and Bitter, M and Diesso, M and Fredrickson, E and Long, D and Strachan, J},
	journal={Review of scientific instruments},
	volume={67},
	number={2},
	pages={473--484},
	year={1996},
	publisher={American Institute of Physics}
}

@techreport{naturejet,
	title={{Nuclear-fusion reactor smashes energy record}},
	author={Elizabeth Gibney},
	url = {https://doi.org/10.1038/d41586-022-00391-1},
	journal={Nature},
	volume={602},
	pages={371},
	year={2022},
	publisher={Nature},
}

@article{K_llne_1988,
	year = {1988},
	month = {jul},
	publisher = {IOP Publishing},
	volume = {28},
	number = {7},
	pages = {1291--1297},
	author = {J. Källne and P. Batistoni and G. Gorini and G.B. Huxtable and M. Pillon and S. Podda and M. Rapisarda},
	title = {{Triton burnup measurements in JET using a neutron activation technique}},
	journal = {Nuclear Fusion},
}

@article{bosch1992improved,
	title={{Improved formulas for fusion cross-sections and thermal reactivities}},
	author={Bosch, H-S and Hale, GM},
	journal={Nuclear fusion},
	volume={32},
	number={4},
	pages={611},
	year={1992},
	publisher={IOP Publishing}
}

@article{appelbe2011production,
	title={{The production spectrum in fusion plasmas}},
	author={Appelbe, B and Chittenden, J},
	journal={Plasma Physics and Controlled Fusion},
	volume={53},
	number={4},
	pages={045002},
	year={2011},
	publisher={IOP Publishing}
}

@techreport{pfeiffer1980onetwo,
	title={{ONETWO: a computer code for modeling plasa transport in tokamaks}},
	author={Pfeiffer, WW and Davidson, RH and Miller, RL and Waltz, RE},
	year={1980},
	institution={General Atomics, San Diego, CA (United States)}
}

@article{goldston1981new,
	title={{New techniques for calculating heat and particle source rates due to neutral beam injection in axisymmetric tokamaks}},
	author={Goldston, Robert James and McCune, DC and Towner, HH and Davis, SL and Hawryluk, RJ and Schmidt, GL},
	journal={Journal of computational physics},
	volume={43},
	number={1},
	pages={61--78},
	year={1981},
	publisher={Elsevier}
}

@techreport{richardson20192019,
	title={{2019 NRL plasma formulary}},
	author={Richardson, Andrew S},
	year={2019},
	institution={US Naval Research Laboratory}
}

@article{eriksson2016calculating,
	title={{Calculating fusion neutron energy spectra from arbitrary reactant distributions}},
	author={Eriksson, Jacob and Conroy, Sean and Sund{\'e}n, E Andersson and Hellesen, Carl},
	journal={Computer Physics Communications},
	volume={199},
	pages={40--46},
	year={2016},
	publisher={Elsevier}
}

@article{brune1994h,
	title={{$ ^{3} $H (α, γ) $ ^{7} $Li reaction at low energies}},
	author={Brune, Carl Richard and Kavanagh, RW and Rolfs, C},
	journal={Physical Review C},
	volume={50},
	number={4},
	pages={2205},
	year={1994},
	publisher={APS}
}

@article{goncharov2015spectra,
	title={{Spectra of neutrons from a beam-driven fusion source}},
	author={Goncharov, PR},
	journal={Nuclear Fusion},
	volume={55},
	number={6},
	pages={063012},
	year={2015},
	publisher={IOP Publishing}
}

@article{ehlers1975conceptual,
	title={{Conceptual design of a neutral-beam injection system for the TFTR}},
	author={Ehlers, KW},
	year={1975}
}

@article{zhang2019physical,
	title={{Physical design of the neutralizer for CFETR negative ion based neutral beam injection prototype}},
	author={Zhang, Zhaoyuan and Wang, Guodong and Chen, Changqi and Wei, Jianglong and Xie, Yuanlai and Tao, Ling and Liang, Lizhen and Hu, Chundong},
	journal={Fusion Engineering and Design},
	volume={148},
	pages={111316},
	year={2019},
	publisher={Elsevier}
}

@article{xie2021conceptual,
	title={{Conceptual design of a beam source for negative neutral beam injector of CRAFT facility}},
	author={Xie, Yahong and Hu, Chundong and Wei, Jianglong and Gu, Yuming and Liang, Lizhen and Xu, Yongjian and Jiang, Caichao and Li, Jun and Zhao, Yuanzhe and Xie, Yuanlai},
	journal={Fusion Engineering and Design},
	volume={167},
	pages={112377},
	year={2021},
	publisher={Elsevier}
}

@article{wang2021electrostatic,
	title={{Electrostatic analysis and preliminary design of transmission line for the CRAFT NNBI test platform}},
	author={Wang, Rixin and Jiang, Caichao and Xu, Yongjian and Xie, Yahong and Xie, Yuanlai and Hu, Chundong},
	journal={Fusion Engineering and Design},
	volume={165},
	pages={112259},
	year={2021},
	publisher={Elsevier}
}

@article{hellesen2015fuel,
	title={{Fuel ion ratio determination in NBI heated deuterium tritium fusion plasmas at JET using neutron emission spectrometry}},
	author={Hellesen, Carl and Eriksson, Jacob and Binda, Federico and Conroy, Sean and Ericsson, G{\"o}ran and Hjalmarsson, Anders and Skiba, Mateusz and Weiszflog, Matthias and JET-EFDA Contributors and others},
	journal={Nuclear Fusion},
	volume={55},
	number={2},
	pages={023005},
	year={2015},
	publisher={IOP Publishing}
}

@article{keilhacker1999fusion,
	title={{Fusion physics progress on JET}},
	author={Keilhacker, M and JET Team and others},
	journal={Fusion engineering and design},
	volume={46},
	number={2-4},
	pages={273--290},
	year={1999},
	publisher={Elsevier}
}

@inproceedings{raftopoulos2002overview,
	title={{Overview of the TFTR D\&D program}},
	author={Raftopoulos, S and Barnes, G and Chrzanowski, J and DiMattia, J and Fedder, R and Gallagher, D and Gilsenan, E and Gettelfinger, G and Jakober, R and Laneski, J and others},
	booktitle={Proceedings of the 19th IEEE/IPSS Symposium on Fusion Engineering. 19th SOFE (Cat. No. 02CH37231)},
	pages={465--468},
	year={2002},
	organization={IEEE}
}

@article{aymar2002iter,
	title={{The ITER design}},
	author={Aymar, R and Barabaschi, P and Shimomura, Y},
	journal={Plasma physics and controlled fusion},
	volume={44},
	number={5},
	pages={519},
	year={2002},
	publisher={IOP Publishing}
}

@article{gao2018,
	title={可控核聚变科学技术前沿问题和进展},
	author={高翔 and 万元熙 and 丁宁 and 彭先觉},
	journal={中国工程科学},
	volume={20},
	number={3},
	pages={7},
	year={2018},
}

@article{wan2017overview,
	title={{Overview of the present progress and activities on the CFETR}},
	author={Wan, Yuanxi and Li, Jiangang and Liu, Yong and Wang, Xiaolin and Chan, Vincent and Chen, Changan and Duan, Xuru and Fu, Peng and Gao, Xiang and Feng, Kaiming and others},
	journal={Nuclear Fusion},
	volume={57},
	number={10},
	pages={102009},
	year={2017},
	publisher={IOP Publishing}
}

@article{iter2018iter,
	title={{ITER research plan within the staged approach}},
	author={ITER Organization},
	journal={ITER Technical Report ITR-18-003},
	pages={57--164},
	year={2018}
}

@article{wang2020design,
	title={{Design and development of acceleration grid power supply-conversion system for CFETR N-NBI}},
	author={Wang, Dongyu and Zhang, Ming and Ma, Shaoxiang and Yang, Shu and Yu, Kexun and Pan, Yuan},
	journal={Fusion Engineering and Design},
	volume={161},
	pages={111917},
	year={2020},
	publisher={Elsevier}
}

@phdthesis{hao0EAST,
	title={EAST中性束注入下快离子损失研究},
	author={郝保龙},
	school={中国科学技术大学},
	year={2018},
}

@article{han2006optimal,
	title={{Optimal configuration of neutron reflector in He-cooled molten Li blanket}},
	author={Han, Beomseok and Kim, Yonghee and Kim, Chang Hyo},
	journal={Fusion engineering and design},
	volume={81},
	number={1-7},
	pages={729--732},
	year={2006},
	publisher={Elsevier}
}

@article{enoeda2006overview,
	title={{Overview of design and R\&D of test blankets in Japan}},
	author={Enoeda, Mikio and Akiba, Masato and Tanaka, Satoru and Shimizu, Akihiko and Hasegawa, Akira and Konishi, Satoshi and Kimura, Akihiko and Kohyama, Akira and Sagara, Akio and Muroga, Takeo},
	journal={Fusion Engineering and Design},
	volume={81},
	number={1-7},
	pages={415--424},
	year={2006},
	publisher={Elsevier}
}

@techreport{isobe2018fusion,
	title={{Fusion neutron production with deuterium neutral beam injection and enhancement of fast-ion physics study in LHD}},
	author={Isobe, M and Ogawa, K and Nishitani, T},
	year={2018}
}

@article{tardocchi2013diagnosis,
	title={{Diagnosis of physical parameters of fast particles in high power fusion plasmas with high resolution neutron and gamma-ray spectroscopy}},
	author={Tardocchi, M and Nocente, M and Gorini, G},
	journal={Plasma Physics and Controlled Fusion},
	volume={55},
	number={7},
	pages={074014},
	year={2013},
	publisher={IOP Publishing}
}

@article{hellesen2010neutron,
	title={{Neutron spectroscopy results of JET high-performance plasmas and extrapolations to DT performance}},
	author={Hellesen, Carl and Andersson Sund{\'e}n, E and Conroy, S and Ericsson, G and Eriksson, J and Gatu Johnson, M and Weiszflog, Matthias and Jet-Efda Contributors},
	journal={Review of Scientific Instruments},
	volume={81},
	number={10},
	pages={10D337},
	year={2010},
	publisher={American Institute of Physics}
}

@article{wolle1999tokamak,
	title={{Tokamak plasma diagnostics based on measured neutron signals}},
	author={Wolle, Bj{\"o}rn},
	journal={Physics Reports},
	volume={312},
	number={1-2},
	pages={1--86},
	year={1999},
	publisher={Elsevier}
}

@article{liu2014conceptual,
	title={{Conceptual design of a water cooled breeder blanket for CFETR}},
	author={Liu, Songlin and Pu, Yong and Cheng, Xiaoman and Li, Jia and Peng, ChangHong and Ma, Xuebing and Chen, Lei},
	journal={Fusion Engineering and Design},
	volume={89},
	number={7-8},
	pages={1380--1385},
	year={2014},
	publisher={Elsevier}
}

@article{Lulanlan2013,
	title={光伏太阳能电池生产过程中的污染问题},
	author={卢兰兰 and 毕冬勤 and 刘壮 and 杨春雷 and 肖旭东},
	journal={中国科学：化学},
	number={6},
	pages={17},
	year={2013},
}

@article{kumari2020review,
	title={{A review on UREX processes for nuclear spent fuel reprocessing}},
	author={Kumari, Indu and Kumar, BVR and Khanna, Ashok},
	journal={Nuclear Engineering and Design},
	volume={358},
	pages={110410},
	year={2020},
	publisher={Elsevier}
}

@article{zhang2019design,
	title={{Design of acceleration grid power supply for CFETR negative-ion-based neutral beam injection prototype}},
	author={Zhang, Xueliang and Zhang, Ming and Ma, Shaoxiang and Wang, Shu and Wang, Dongyu and Ma, Xiao and Zhou, Lan and Yang, Shu and Yu, Kexun and Pan, Yuan},
	journal={Fusion Engineering and Design},
	volume={146},
	pages={2592--2597},
	year={2019},
	publisher={Elsevier}
}


@article{shimada2007overview,
	title={{Overview and summary}},
	author={Shimada, M and Campbell, DJ and Mukhovatov, V and Fujiwara, M and Kirneva, N and Lackner, K and Nagami, M and Pustovitov, VD and Uckan, N and Wesley, J and others},
	journal={Nuclear Fusion},
	volume={47},
	number={6},
	pages={S1},
	year={2007},
	publisher={IOP Publishing}
}

@book{RN5,
	author = {严龙文},
	title = {托卡马克等离子体物理学},
	publisher = {中国原子能出版社},
	address = {北京},
	year = {2020},
	type = {Book}
}

@phdthesis{lihao2015EAST,
	title={EAST中性束注入实验分析研究},
	author={李昊},
	school={中国科学技术大学},
	year={2015},
}

@phdthesis{wangji2012EAST,
	title={EAST中性束注入加热与电流驱动模拟研究},
	author={王骥},
	school={中国科学技术大学},
	year={2012},
}

@article{kuteev1995hydrogen,
	title={{Hydrogen pellet ablation and acceleration by current in high temperature plasmas}},
	author={Kuteev, BV},
	journal={Nuclear fusion},
	volume={35},
	number={4},
	pages={431},
	year={1995},
	publisher={IOP Publishing}
}

@article{koschinsky2020estimation,
	title={{Estimation of 14 MeV neutron rate from triton burn-up in future W7-X deuterium plasma campaigns}},
	author={Koschinsky, JP and {\"A}k{\"a}slompolo, S and Biedermann, C and Bozhenkov, SA and Isobe, M and Kontula, J and Ogawa, K and Schneider, W and Warmer, F and Wurden, GA and others},
	journal={Contributions to Plasma Physics},
	volume={60},
	number={8},
	pages={e201900186},
	year={2020},
	publisher={Wiley Online Library}
}

@article{liu2017latest,
	title={{The latest progress of the 1st NBI beamline on HL-2M Tokamak}},
	author={Liu, He and Cao, Jianyong and Wei, Huiling and Zou, Guiqing and Zhang, Xianming and Yang, Xianfu},
	journal={Fusion Engineering and Design},
	volume={123},
	pages={448--452},
	year={2017},
	publisher={Elsevier}
}

@article{iter1999plasma,
	title={{Plasma auxiliary heating and current drive}},
	author={ITER, EDA and others},
	journal={Nuclear Fusion},
	volume={39},
	number={12 ITER physics basis},
	pages={2495--2539},
	year={1999}
}

@article{zhaofengchao2018,
	title={中国超导聚变工程实验堆氦冷固态包层中子学设计分析},
	author={赵奉超 and 冯开明 and 曹启祥 and 栗再新 and 张国书},
	journal={核聚变与等离子体物理},
	volume={38},
	number={2},
	pages={8},
	year={2018},
}

@article{baorui2018CFETR,
	title={CFETR氦冷固态增殖剂包层产氚性能研究及优化},
	author={张宝锐 and 解衡 and 郎明刚 and 孙倩},
	journal={原子能科学技术},
	volume={52},
	number={9},
	pages={7},
	year={2018},
}

@phdthesis{lvCFETR,
	title={CFETR氦冷固态氚增殖剂包层中子学设计及性能研究},
	author={吕中良},
	school={中国科学技术大学},
	year={2016},
}

@phdthesis{Li2015CFETR,
	title={中国聚变工程实验堆氦冷固态包层结构设计与热工水力分析研究},
	author={李敏},
	school={中国科学技术大学},
	year={2015},
}

@techreport{iida2004nuclear,
	title={{Nuclear Analysis Report. G 73 DDD 2 W0. 2}},
	author={Iida, H and others},
	year={2004},
	institution={NAG-201-NAR, July}
}

@article{lawson1957some,
	title={{Some criteria for a power producing thermonuclear reactor}},
	author={Lawson, John D},
	journal={Proceedings of the physical society. Section B},
	volume={70},
	number={1},
	pages={6},
	year={1957},
	publisher={IOP Publishing}
}

@book{mandl2013statistical,
	title={{Statistical Physics}},
	author={Mandl, Franz},
	year={2013},
	publisher={John Wiley \& Sons}
}

@article{moseev2019bi,
	title={{Bi-Maxwellian, slowing-down, and ring velocity distributions of fast ions in magnetized plasmas}},
	author={Moseev, Dmitry and Salewski, Mirko},
	journal={Physics of Plasmas},
	volume={26},
	number={2},
	pages={020901},
	year={2019},
	publisher={AIP Publishing LLC}
}

@phdthesis{ShenZhijun,
	title={中子输运方程数值解与Burgers方程格子Boltzmann方法研究},
	author={沈智军},
	school={中国工程物理研究院},
	year={2000},
}

@phdthesis{ZhuangSixuan,
	title={三维蒙特卡罗—离散纵标能量耦合中子输运计算方法研究},
	author={庄思璇},
	school={中国科学技术大学},
	year={2019},
}

@article{HanJingru2012,
	title={基于离散纵标法与蒙特卡罗方法的三维耦合程序开发},
	author={韩静茹 and 陈义学 and 石生春 and 袁龙军 and 陆道纲},
	journal={核科学与工程},
	volume={32},
	number={2},
	pages={5},
	year={2012},
}

@incollection{forster1985mcnp,
	title={{MCNP-a general Monte Carlo code for neutron and photon transport}},
	author={Forster, RA and Godfrey, TNK},
	booktitle={Monte-Carlo Methods and Applications in Neutronics, Photonics and Statistical Physics},
	pages={33--55},
	year={1985},
	publisher={Springer}
}

@article{maeda2006characterization,
	title={{Characterization of neutron Fields using MCNP in the experimental fast reactor JOYO}},
	author={Maeda, Shigetaka and Wootan, David W and Sekine, Takashi},
	journal={Journal of ASTM International},
	volume={3},
	number={8},
	pages={1--9},
	year={2006},
	publisher={ASTM International}
}

@article{liu1999monte,
	title={{Monte Carlo calculations using MCNP4B for an optimal shielding design for a 14 MeV neutron source}},
	author={Liu, James C and Ng, Tony T},
	journal={Radiation protection dosimetry},
	volume={83},
	number={3},
	pages={257--262},
	year={1999},
	publisher={Oxford University Press}
}

@article{Dongming2013,
	title={基于MCNP使用中国人体模型对全身计数器的效率模拟研究},
	author={李东明 and 贾书海 and 李厚文},
	journal={核电子学与探测技术},
	number={12},
	pages={1502-1506},
	year={2013},
}

@article{wei2013design,
	title={{Design of the testing set-up for a nuclear fuel rod by neutron radiography at CARR}},
	author={Wei, Guohai and Han, Songbai and Wang, Hongli and Hao, Lijie and Wu, Meimei and He, Linfeng and Wang, Yu and Liu, Yuntao and Sun, Kai and Chen, Dongfeng},
	journal={Physics Procedia},
	volume={43},
	pages={307--313},
	year={2013},
	publisher={Elsevier}
}

@article{LiJie20192GW,
	title={2GW功率下CFETR中子屏蔽的初步中子学研究},
	author={李杰 and 张杰 and 邱阳 and 刘常乐 and 刘小刚 and 高翔},
	journal={核聚变与等离子体物理},
	volume={39},
	number={3},
	pages={7},
	year={2019},
}

@article{akaslompolo2019validating,
	title={{Validating the ASCOT modelling of NBI fast ions in Wendelstein 7-X stellarator}},
	author={{\"A}k{\"a}slompolo, S and Drewelow, P and Gao, Y and Ali, A and Biedermann, C and Bozhenkov, S and Dhard, CP and Endler, M and Fellinger, J and Ford, OP and others},
	journal={Journal of Instrumentation},
	volume={14},
	number={10},
	pages={C10012},
	year={2019},
	publisher={IOP Publishing}
}